%% This BibTeX bibliography file was created using BibDesk.
%% http://bibdesk.sourceforge.net/


%% Created for Alexander Delly at 2015-07-18 00:45:40 +0300 


%% Saved with string encoding Unicode (UTF-8) 



@article{od01,
	Author = {Odlyzko, AM},
	Date-Added = {2015-07-17 21:01:00 +0000},
	Date-Modified = {2015-07-17 21:41:31 +0000},
	Journal = {Dynamical, Spectral, and Arithmetic Zeta Functions: AMS Special Session on Dynamical, Spectral, and Arithmetic Zeta Functions, January 15-16, 1999, San Antonio, Texas},
	Pages = {139},
	Publisher = {American Mathematical Soc.},
	Title = {The $10^{22}$-nd zero of the Riemann zeta function},
	Volume = {290},
	Year = {2001}}

@article{od87,
	Author = {Odlyzko, AM},
	Date-Added = {2015-07-17 20:59:24 +0000},
	Date-Modified = {2015-07-17 20:59:24 +0000},
	Journal = {Mathematics of Computation},
	Number = {177},
	Pages = {273-308},
	Title = {On the distribution of spacings between zeros of the zeta function},
	Volume = {48},
	Year = {1987}}

@article{gou,
	Author = {Gourdon, Xavier},
	Date-Added = {2015-07-17 20:51:32 +0000},
	Date-Modified = {2015-07-17 21:45:28 +0000},
	Journal = {Unpublished},
	Lastchecked = {July 17, 2015},
	Title = {The $10^{13}$ first zeros of the Riemann Zeta function, and zeros computation at very large height (2004)},
	Urldate = {http://numbers.computation.free.fr/Constants/Miscellaneous/zetazeros1e13-1e24.pdf},
	Year = {2004}}

@inproceedings{mont,
	Author = {Montgomery, Hugh L},
	Booktitle = {Proc. Symp. Pure Math},
	Date-Added = {2015-07-17 20:28:55 +0000},
	Date-Modified = {2015-07-17 20:28:55 +0000},
	Pages = {181-193},
	Title = {The pair correlation of zeros of the zeta function},
	Volume = {24},
	Year = {1973}}

@article{lom94,
	Author = {Lombardi, M and Bohigas, O and Seligman, TH},
	Date-Added = {2015-07-17 19:58:56 +0000},
	Date-Modified = {2015-07-17 19:58:56 +0000},
	Journal = {Physics Letters B},
	Number = {3},
	Pages = {263-266},
	Publisher = {Elsevier},
	Title = {New evidence of GOE statistics for compound nuclear resonances},
	Volume = {324},
	Year = {1994}}

@inproceedings{bo83,
	Author = {Bohigas, O and Haq, RU and Pandey, A},
	Booktitle = {Nuclear data for science and technology},
	Date-Added = {2015-07-17 18:14:50 +0000},
	Date-Modified = {2015-07-17 18:14:50 +0000},
	Organization = {Springer},
	Pages = {809-813},
	Title = {Fluctuation properties of nuclear energy levels and widths: comparison of theory with experiment},
	Year = {1983}}

@article{wei14,
	Author = {Weidenm{\"u}ller, Hans A},
	Date-Added = {2015-07-17 17:58:35 +0000},
	Date-Modified = {2015-07-17 17:58:35 +0000},
	Journal = {Journal of Physics G: Nuclear and Particle Physics},
	Number = {9},
	Publisher = {IOP Publishing},
	Title = {Open problems in applying random-matrix theory to nuclear reactions},
	Volume = {41},
	Year = {2014}}

@article{ga61,
	Author = {Gaudin, Michel},
	Date-Added = {2015-07-17 17:09:34 +0000},
	Date-Modified = {2015-07-17 17:09:34 +0000},
	Journal = {Nuclear Physics},
	Pages = {447-458},
	Publisher = {Elsevier},
	Title = {Sur la loi limite de l'espacement des valeurs propres d'une matrice ale{\'{}} atoire},
	Volume = {25},
	Year = {1961}}

@article{rmc7,
	Author = {Papenbrock, Thomas and Weidenm{\"u}ller, Hans A},
	Date-Added = {2015-07-17 11:38:53 +0000},
	Date-Modified = {2015-07-17 11:38:53 +0000},
	Journal = {Reviews of Modern Physics},
	Number = {3},
	Pages = {997},
	Publisher = {APS},
	Title = {Colloquium: Random matrices and chaos in nuclear spectra},
	Volume = {79},
	Year = {2007}}

@article{dy62,
	Author = {Dyson, Freeman J},
	Date-Added = {2015-07-17 06:55:26 +0000},
	Date-Modified = {2015-07-17 06:55:26 +0000},
	Journal = {Journal of Mathematical Physics},
	Number = {1},
	Pages = {140-156},
	Publisher = {AIP Publishing},
	Title = {Statistical theory of the energy levels of complex systems. I},
	Volume = {3},
	Year = {1962}}

@article{wig67,
	Author = {Wigner, Eugene P},
	Date-Added = {2015-07-16 11:06:46 +0000},
	Date-Modified = {2015-07-16 11:06:46 +0000},
	Journal = {SIAM review},
	Number = {1},
	Pages = {1-23},
	Publisher = {SIAM},
	Title = {Random matrices in physics},
	Volume = {9},
	Year = {1967}}

@article{gom11,
	Author = {G{\'o}mez, Jose Maria G and Kar, K and Kota, VKB and Molina, Rafael A and Rela{\~n}o, Armando and Retamosa, Joaqu{\'\i}n},
	Date-Added = {2015-07-16 10:52:34 +0000},
	Date-Modified = {2015-07-16 10:52:34 +0000},
	Journal = {Physics Reports},
	Number = {4},
	Pages = {103--226},
	Publisher = {Elsevier},
	Title = {Many-body quantum chaos: Recent developments and applications to nuclei},
	Volume = {499},
	Year = {2011}}

@book{mayer55,
	Author = {Mayer, M.G. and Jensen, J.H.D.},
	Date-Added = {2015-07-16 10:09:12 +0000},
	Date-Modified = {2015-07-16 10:09:12 +0000},
	Lccn = {lc55007037},
	Publisher = {John Wiley \& Sons},
	Series = {Structure of matter series},
	Title = {Elementary Theory of Nuclear Shell Structure},
	Year = {1955},
	Bdsk-Url-1 = {https://books.google.ru/books?id=9g9RAAAAMAAJ}}

@article{haxel,
	Author = {Haxel, Otto and Jensen, J Hans D and Suess, Hans E},
	Date-Added = {2015-07-16 09:39:54 +0000},
	Date-Modified = {2015-07-16 09:42:40 +0000},
	Journal = {Zeitschrift f\"{u}r Physik},
	Number = {2},
	Pages = {295-311},
	Publisher = {Springer},
	Title = {Modellm\"{a}ssige Deutung der ausgezeichneten Nukleonenzahlen im Kernbau},
	Volume = {128},
	Year = {1950}}

@article{mayer,
	Author = {Mayer, Maria G},
	Date-Added = {2015-07-16 09:37:49 +0000},
	Date-Modified = {2015-07-16 09:37:49 +0000},
	Journal = {Physical Review},
	Number = {3},
	Pages = {235},
	Publisher = {APS},
	Title = {On closed shells in nuclei},
	Volume = {74},
	Year = {1948}}

@book{hand,
	Author = {V{\'e}rtes, A. and Nagy, S. and Klencs{\'a}r, Z. and Lovas, R.G. and R{\"o}sch, F.},
	Date-Added = {2015-07-16 09:16:56 +0000},
	Date-Modified = {2015-07-16 09:16:56 +0000},
	Isbn = {9781441907196},
	Number = {v. 5},
	Publisher = {Springer},
	Series = {Handbook of Nuclear Chemistry},
	Title = {Handbook of Nuclear Chemistry: Vol. 1: Basics of Nuclear Science; Vol. 2: Elements and Isotopes: Formation, Transformation, Distribution; Vol. 3: Chemical Applications of Nuclear Reactions and Radiation; Vol. 4: Radiochemistry and Radiopharmaceutical Chemistry in Life Sciences; Vol. 5: Instrumentation, Separation Techniques, Environmental Issues; Vol. 6: Nuclear Energy Production and Safety Issues.},
	Year = {2010}}

@article{firk79,
	Author = {Firk, FWK},
	Date-Added = {2015-07-16 07:44:01 +0000},
	Date-Modified = {2015-07-16 07:44:01 +0000},
	Journal = {Nuclear Instruments and Methods},
	Number = {1},
	Pages = {539-563},
	Publisher = {Elsevier},
	Title = {Neutron time-of-flight spectrometers},
	Volume = {162},
	Year = {1979}}

@article{bo36,
	Author = {Bohr, Niels},
	Date-Added = {2015-07-16 07:11:49 +0000},
	Date-Modified = {2015-07-16 07:11:49 +0000},
	Journal = {Nature},
	Number = {3461},
	Pages = {344-348},
	Title = {Neutron capture and nuclear constitution},
	Volume = {137},
	Year = {1936}}

@book{cart,
	Author = {Cartier, Pierre E and Julia, Bernard and Moussa, Pierre and Vanhove, Pierre},
	Date-Added = {2015-07-16 06:50:59 +0000},
	Date-Modified = {2015-07-16 06:50:59 +0000},
	Publisher = {Springer Science \& Business Media},
	Title = {Frontiers in Number Theory, Physics, and Geometry I: On Random Matrices, Zeta Functions, and Dynamical Systems},
	Volume = {1},
	Year = {2007}}

@article{wain13,
	Author = {Wainrib, Gilles and Touboul, Jonathan},
	Date-Added = {2015-07-16 06:45:30 +0000},
	Date-Modified = {2015-07-16 06:45:30 +0000},
	Journal = {Physical review letters},
	Number = {11},
	Pages = {118101},
	Publisher = {APS},
	Title = {Topological and dynamical complexity of random neural networks},
	Volume = {110},
	Year = {2013}}

@book{mehta,
	Author = {Mehta, L.},
	Date-Added = {2015-07-15 22:36:50 +0000},
	Date-Modified = {2015-07-15 22:36:50 +0000},
	Isbn = {9781483258560},
	Publisher = {Elsevier Science},
	Title = {Random Matrices and the Statistical Theory of Energy Levels},
	Year = {2014}}

@article{firk,
	Author = {Firk, Frank WK and Miller, Steven J},
	Date-Added = {2015-07-15 22:12:18 +0000},
	Date-Modified = {2015-07-15 22:12:18 +0000},
	Journal = {Symmetry},
	Number = {1},
	Pages = {64-105},
	Publisher = {Molecular Diversity Preservation International},
	Title = {Nuclei, primes and the random matrix connection},
	Volume = {1},
	Year = {2009}}

@inproceedings{ch32,
	Author = {Chadwick, James},
	Booktitle = {Proceedings of the Royal Society of London A: Mathematical, Physical and Engineering Sciences},
	Date-Added = {2015-07-15 14:39:33 +0000},
	Date-Modified = {2015-07-15 14:39:33 +0000},
	Number = {830},
	Organization = {The Royal Society},
	Pages = {692-708},
	Title = {The existence of a neutron},
	Volume = {136},
	Year = {1932}}

@book{ruth19,
	Author = {Rutherford, E.},
	Date-Added = {2015-07-15 14:23:05 +0000},
	Date-Modified = {2015-07-15 14:23:05 +0000},
	Publisher = {Taylor \& Francis},
	Series = {London, Edinburgh and Dublin philosophical magazine and journal of science, sixth series},
	Title = {Collision of Alpha Particles with Light Atoms: I. Hydrogen; II. Velocity of the Hydrogen Atom; III. Nitrogen and Oxygen Atoms; IV. An Anomalous Effect in Nitrogen},
	Year = {1919}}

@article{bur57,
	Author = {Burbidge, E Margaret and Burbidge, Geoffrey Ronald and Fowler, William A and Hoyle, Fred},
	Date-Added = {2015-07-14 14:36:11 +0000},
	Date-Modified = {2015-07-14 14:36:11 +0000},
	Journal = {Reviews of modern physics},
	Number = {4},
	Pages = {547},
	Publisher = {APS},
	Title = {Synthesis of the elements in stars},
	Volume = {29},
	Year = {1957}}

@book{eis85,
	Author = {Eisberg, Robert and Resnick, Robert},
	Date-Added = {2015-07-14 12:30:52 +0000},
	Date-Modified = {2015-07-14 12:31:47 +0000},
	Publisher = {John Wiley \& Sons},
	Title = {Quantum physics},
	Year = {1985}}

@article{unif,
	Author = {Caurier, E and Martinez-Pinedo, G and Nowacki, F and Poves, A and Zuker, AP},
	Date-Added = {2015-07-14 12:28:45 +0000},
	Date-Modified = {2015-07-14 12:29:06 +0000},
	Journal = {Reviews of Modern Physics},
	Number = {2},
	Pages = {427},
	Publisher = {APS},
	Title = {The shell model as a unified view of nuclear structure},
	Volume = {77},
	Year = {2005}}

@book{dem,
	Author = {Demtr{\"o}der, W.},
	Date-Added = {2015-07-12 14:22:58 +0000},
	Date-Modified = {2015-07-12 14:22:58 +0000},
	Isbn = {9783540206316},
	Lccn = {2005936509},
	Publisher = {Springer},
	Series = {Advanced texts in physics},
	Title = {Atoms, Molecules and Photons: An Introduction to Atomic, Molecular and Quantum physics},
	Year = {2006}}

@book{shth,
	Author = {de-Shalit, A. and Talmi, I. and Massey, H.S.W.},
	Date-Added = {2015-07-12 13:46:15 +0000},
	Date-Modified = {2015-07-12 13:46:15 +0000},
	Isbn = {9781483275796},
	Publisher = {Elsevier Science},
	Series = {Pure and applied physics},
	Title = {Nuclear Shell Theory},
	Year = {2013}}

@inproceedings{mezz,
	Author = {Bohigas, Oriol},
	Booktitle = {Recent Perspectives in Random Matrix Theory and Number Theory},
	Date-Added = {2015-07-12 12:43:45 +0000},
	Date-Modified = {2015-07-12 12:45:10 +0000},
	Editor = {Mezzadri, F. and Snaith, N.C.},
	Isbn = {9780521620581},
	Lccn = {2006295988},
	Publisher = {Cambridge University Press},
	Series = {London Mathematical Society Lecture Note Series},
	Title = {Compound Nucleus Resonances, Random Matrices, Quantum Chaos},
	Year = {2005}}

@article{kim,
	Author = {Kim, C. and Matsuura, A. Y. and Shen, Z.-X. and Motoyama, N. and Eisaki, H. and Uchida, S. and Tohyama, T. and Maekawa, S.},
	Date-Added = {2015-07-11 18:27:23 +0000},
	Date-Modified = {2015-07-11 18:27:36 +0000},
	Doi = {10.1103/PhysRevLett.77.4054},
	Issue = {19},
	Journal = {Phys. Rev. Lett.},
	Month = {Nov},
	Numpages = {0},
	Pages = {4054--4057},
	Publisher = {American Physical Society},
	Title = {Observation of Spin-Charge Separation in One-Dimensional SrCu${\mathrm{O}}_{2}$},
	Url = {http://link.aps.org/doi/10.1103/PhysRevLett.77.4054},
	Volume = {77},
	Year = {1996},
	Bdsk-Url-1 = {http://link.aps.org/doi/10.1103/PhysRevLett.77.4054},
	Bdsk-Url-2 = {http://dx.doi.org/10.1103/PhysRevLett.77.4054}}

@article{merali,
	Author = {Merali, Zeeya},
	Date-Added = {2015-07-11 18:23:01 +0000},
	Date-Modified = {2015-07-11 18:24:38 +0000},
	Journal = {Nature News},
	Month = {April},
	Title = {Not-quite-so elementary, my dear electron},
	Year = {2012}}

@article{kugel,
	Author = {Kugel', Kliment Il'ich and Khomski{\u\i}, DI},
	Date-Added = {2015-07-11 18:10:48 +0000},
	Date-Modified = {2015-07-11 18:11:14 +0000},
	Journal = {Physics-Uspekhi},
	Number = {4},
	Pages = {231-256},
	Publisher = {Turpion Ltd},
	Title = {The Jahn-Teller effect and magnetism: transition metal compounds},
	Volume = {25},
	Year = {1982}}

@article{spin,
	Author = {Schlappa, J and Wohlfeld, K and Zhou, KJ and Mourigal, M and Haverkort, MW and Strocov, VN and Hozoi, L and Monney, C and Nishimoto, S and Singh, S and others},
	Date-Added = {2015-07-11 17:56:58 +0000},
	Date-Modified = {2015-07-11 17:57:24 +0000},
	Journal = {Nature},
	Number = {7396},
	Pages = {82-85},
	Publisher = {Nature Publishing Group},
	Title = {Spin-orbital separation in the quasi-one-dimensional Mott insulator Sr2CuO3},
	Volume = {485},
	Year = {2012}}

@book{kax,
	Author = {Kaxiras, E.},
	Date-Added = {2015-07-11 16:37:07 +0000},
	Date-Modified = {2015-07-11 16:37:26 +0000},
	Isbn = {9780521523394},
	Lccn = {2003276073},
	Publisher = {Cambridge University Press},
	Title = {Atomic and Electronic Structure of Solids},
	Year = {2003},
	Bdsk-Url-1 = {https://books.google.ru/books?id=WTL%5C_vgbWpHEC}}

@book{ato,
	Author = {Van Melsen, A.G.},
	Date-Added = {2015-07-11 14:13:36 +0000},
	Date-Modified = {2015-07-11 14:34:49 +0000},
	Isbn = {9780486495842},
	Lccn = {2004045542},
	Publisher = {Dover Publications},
	Series = {Dover Phoenix Editions},
	Title = {From Atomos to Atom: The History of the Concept Atom},
	Year = {2004},
	Bdsk-Url-1 = {https://books.google.ru/books?id=pARpF9A2OtMC}}

@inproceedings{pr,
	Author = {Cipra, Barry},
	Booktitle = {What's Happening in the Mathematical Sciences},
	Date-Added = {2015-06-20 08:13:38 +0000},
	Date-Modified = {2015-06-20 08:14:58 +0000},
	Title = {A Prime Case of Chaos},
	Volume = {4},
	Year = {1999},
	Bdsk-File-1 = {YnBsaXN0MDDUAQIDBAUGJCVYJHZlcnNpb25YJG9iamVjdHNZJGFyY2hpdmVyVCR0b3ASAAGGoKgHCBMUFRYaIVUkbnVsbNMJCgsMDxJXTlMua2V5c1pOUy5vYmplY3RzViRjbGFzc6INDoACgAOiEBGABIAFgAdccmVsYXRpdmVQYXRoWWFsaWFzRGF0YV8QHy4uLy4uLy4uLy4uL0Rvd25sb2Fkcy9BdG9tcy5iaWLSFwsYGVdOUy5kYXRhTxEBagAAAAABagACAAAMTWFjaW50b3NoIEhEAAAAAAAAAAAAAAAAAAAAz5Pxe0grAAAACTgHCUF0b21zLmJpYgAAAAAAAAAAAAAAAAAAAAAAAAAAAAAAAAAAAAAAAAAAAAAAAAAAAAAAAAAAAAAAAAAAAAAAAALBLyvRyE9GAAAAAAAAAAAABAACAAAJIAAAAAAAAAAAAAAAAAAAAAlEb3dubG9hZHMAABAACAAAz5O5OwAAABEACAAA0cglFgAAAAEADAAJOAcACTgEAAJnJQACAC9NYWNpbnRvc2ggSEQ6VXNlcnM6AERlbGx5OgBEb3dubG9hZHM6AEF0b21zLmJpYgAADgAUAAkAQQB0AG8AbQBzAC4AYgBpAGIADwAaAAwATQBhAGMAaQBuAHQAbwBzAGgAIABIAEQAEgAfVXNlcnMvRGVsbHkvRG93bmxvYWRzL0F0b21zLmJpYgAAEwABLwAAFQACAAz//wAAgAbSGxwdHlokY2xhc3NuYW1lWCRjbGFzc2VzXU5TTXV0YWJsZURhdGGjHR8gVk5TRGF0YVhOU09iamVjdNIbHCIjXE5TRGljdGlvbmFyeaIiIF8QD05TS2V5ZWRBcmNoaXZlctEmJ1Ryb290gAEACAARABoAIwAtADIANwBAAEYATQBVAGAAZwBqAGwAbgBxAHMAdQB3AIQAjgCwALUAvQIrAi0CMgI9AkYCVAJYAl8CaAJtAnoCfQKPApIClwAAAAAAAAIBAAAAAAAAACgAAAAAAAAAAAAAAAAAAAKZ}}

@book{gut,
	Author = {Gutzwiller, Martin},
	Date-Added = {2015-06-20 08:10:51 +0000},
	Date-Modified = {2015-06-20 08:11:28 +0000},
	Publisher = {Springer New York},
	Title = {Chaos in Classical and Quantum Mechanics},
	Year = {1990}}

@inproceedings{tabor,
	Author = {Berry, Michael V and Tabor, Michael},
	Booktitle = {Proceedings of the Royal Society of London A: Mathematical, Physical and Engineering Sciences},
	Date-Added = {2015-06-20 07:41:26 +0000},
	Date-Modified = {2015-06-20 07:41:26 +0000},
	Number = {1686},
	Organization = {The Royal Society},
	Pages = {375-394},
	Title = {Level clustering in the regular spectrum},
	Volume = {356},
	Year = {1977}}

@article{sinai,
	Author = {Sinai, Yakov},
	Date-Added = {2015-06-20 06:51:30 +0000},
	Date-Modified = {2015-06-20 06:52:51 +0000},
	Journal = {Notices of the AMS},
	Number = {4},
	Title = {What is a Billiard?},
	Volume = {51},
	Year = {2004}}

@article{zeev,
	Author = {Rudnick, Ze'ev},
	Date-Added = {2015-06-20 06:49:33 +0000},
	Date-Modified = {2015-06-20 06:49:51 +0000},
	Journal = {Notices of the AMS},
	Number = {1},
	Pages = {32-34},
	Title = {What is Quantum Chaos?},
	Volume = {55},
	Year = {2008},
	Bdsk-File-1 = {YnBsaXN0MDDUAQIDBAUGJCVYJHZlcnNpb25YJG9iamVjdHNZJGFyY2hpdmVyVCR0b3ASAAGGoKgHCBMUFRYaIVUkbnVsbNMJCgsMDxJXTlMua2V5c1pOUy5vYmplY3RzViRjbGFzc6INDoACgAOiEBGABIAFgAdccmVsYXRpdmVQYXRoWWFsaWFzRGF0YV8QHy4uLy4uLy4uLy4uLy5UcmFzaC9zY2hvbGFyMS5iaWLSFwsYGVdOUy5kYXRhTxEBbAAAAAABbAACAAAMTWFjaW50b3NoIEhEAAAAAAAAAAAAAAAAAAAAz5Pxe0grAAACuOCeDHNjaG9sYXIxLmJpYgAAAAAAAAAAAAAAAAAAAAAAAAAAAAAAAAAAAAAAAAAAAAAAAAAAAAAAAAAAAAAAAAAAAALAtnHRxzX9AAAAAAAAAAAABAACAAAJIAAAAAAAAAAAAAAAAAAAAAYuVHJhc2gAEAAIAADPk7k7AAAAEQAIAADRxwvNAAAAAQAMArjgngAJOAQAAmclAAIAL01hY2ludG9zaCBIRDpVc2VyczoARGVsbHk6AC5UcmFzaDoAc2Nob2xhcjEuYmliAAAOABoADABzAGMAaABvAGwAYQByADEALgBiAGkAYgAPABoADABNAGEAYwBpAG4AdABvAHMAaAAgAEgARAASAB9Vc2Vycy9EZWxseS8uVHJhc2gvc2Nob2xhcjEuYmliAAATAAEvAAAVAAIADP//AACABtIbHB0eWiRjbGFzc25hbWVYJGNsYXNzZXNdTlNNdXRhYmxlRGF0YaMdHyBWTlNEYXRhWE5TT2JqZWN00hscIiNcTlNEaWN0aW9uYXJ5oiIgXxAPTlNLZXllZEFyY2hpdmVy0SYnVHJvb3SAAQAIABEAGgAjAC0AMgA3AEAARgBNAFUAYABnAGoAbABuAHEAcwB1AHcAhACOALAAtQC9Ai0CLwI0Aj8CSAJWAloCYQJqAm8CfAJ/ApEClAKZAAAAAAAAAgEAAAAAAAAAKAAAAAAAAAAAAAAAAAAAAps=}}

@article{hellb,
	Author = {Heller, Eric J},
	Date-Added = {2015-06-20 06:07:50 +0000},
	Date-Modified = {2015-06-20 06:08:09 +0000},
	Journal = {Physical Review Letters},
	Number = {16},
	Pages = {1515},
	Publisher = {APS},
	Title = {Bound-state eigenfunctions of classically chaotic Hamiltonian systems: scars of periodic orbits},
	Volume = {53},
	Year = {1984}}

@book{atph,
	Author = {R. Bl\"{u}mel and W. P. Reinhardt},
	Date-Added = {2015-06-20 00:31:20 +0000},
	Date-Modified = {2015-06-20 00:35:19 +0000},
	Publisher = {Cambridge University Press},
	Title = {Chaos in Atomic Physics},
	Year = {1997}}

@article{heller,
	Author = {Heller, Eric J and Tomsovic, Steven},
	Date-Added = {2015-06-19 23:59:30 +0000},
	Date-Modified = {2015-06-19 23:59:30 +0000},
	Journal = {Physics Today},
	Number = {7},
	Pages = {38-46},
	Publisher = {American Institute of Physics},
	Title = {Postmodern quantum mechanics},
	Volume = {46},
	Year = {2008}}

@article{BGS,
	Author = {Bohigas, O. and Giannoni, M. J. and Schmit, C.},
	Date-Added = {2015-06-19 22:51:01 +0000},
	Date-Modified = {2015-06-19 22:51:01 +0000},
	Issue = {1},
	Journal = {Phys. Rev. Lett.},
	Month = {Jan},
	Pages = {1-4},
	Publisher = {American Physical Society},
	Title = {Characterization of Chaotic Quantum Spectra and Universality of Level Fluctuation Laws},
	Volume = {52},
	Year = {1984},
	Bdsk-Url-1 = {http://link.aps.org/doi/10.1103/PhysRevLett.52.1},
	Bdsk-Url-2 = {http://dx.doi.org/10.1103/PhysRevLett.52.1},
	Bdsk-File-1 = {YnBsaXN0MDDUAQIDBAUGJCVYJHZlcnNpb25YJG9iamVjdHNZJGFyY2hpdmVyVCR0b3ASAAGGoKgHCBMUFRYaIVUkbnVsbNMJCgsMDxJXTlMua2V5c1pOUy5vYmplY3RzViRjbGFzc6INDoACgAOiEBGABIAFgAdccmVsYXRpdmVQYXRoWWFsaWFzRGF0YV8QHi4uLy4uLy4uLy4uLy5UcmFzaC9zY2hvbGFyLmJpYtIXCxgZV05TLmRhdGFPEQFmAAAAAAFmAAIAAAxNYWNpbnRvc2ggSEQAAAAAAAAAAAAAAAAAAADPk/F7SCsAAAK44J4Lc2Nob2xhci5iaWIAAAAAAAAAAAAAAAAAAAAAAAAAAAAAAAAAAAAAAAAAAAAAAAAAAAAAAAAAAAAAAAAAAAAAAsq/H9HK2soAAAAAAAAAAAAEAAIAAAkgAAAAAAAAAAAAAAAAAAAABi5UcmFzaAAQAAgAAM+TuTsAAAARAAgAANHKsJoAAAABAAwCuOCeAAk4BAACZyUAAgAuTWFjaW50b3NoIEhEOlVzZXJzOgBEZWxseToALlRyYXNoOgBzY2hvbGFyLmJpYgAOABgACwBzAGMAaABvAGwAYQByAC4AYgBpAGIADwAaAAwATQBhAGMAaQBuAHQAbwBzAGgAIABIAEQAEgAeVXNlcnMvRGVsbHkvLlRyYXNoL3NjaG9sYXIuYmliABMAAS8AABUAAgAM//8AAIAG0hscHR5aJGNsYXNzbmFtZVgkY2xhc3Nlc11OU011dGFibGVEYXRhox0fIFZOU0RhdGFYTlNPYmplY3TSGxwiI1xOU0RpY3Rpb25hcnmiIiBfEA9OU0tleWVkQXJjaGl2ZXLRJidUcm9vdIABAAgAEQAaACMALQAyADcAQABGAE0AVQBgAGcAagBsAG4AcQBzAHUAdwCEAI4ArwC0ALwCJgIoAi0COAJBAk8CUwJaAmMCaAJ1AngCigKNApIAAAAAAAACAQAAAAAAAAAoAAAAAAAAAAAAAAAAAAAClA==}}

@book{meh,
	Author = {Mehra, J. and Rechenberg, H.},
	Date-Added = {2015-06-19 21:44:52 +0000},
	Date-Modified = {2015-06-19 21:51:29 +0000},
	Publisher = {Springer New York},
	Series = {The Historical Development of Quantum Theory},
	Title = {The Historical Development of Quantum Theory},
	Year = {2000},
	Bdsk-Url-1 = {https://books.google.co.uk/books?id=W5kyppVPyesC}}

@book{newt,
	Author = {Newton, Isaac},
	Date-Added = {2015-06-19 21:00:43 +0000},
	Date-Modified = {2015-06-19 21:01:23 +0000},
	Publisher = {Univ of California Press},
	Title = {The principia: mathematical principles of natural philosophy},
	Year = {1999}}

@article{port,
	Author = {Porter, M.A.},
	Date-Added = {2015-06-19 20:46:50 +0000},
	Date-Modified = {2015-06-19 23:25:31 +0000},
	Journal = {arXiv:nlin/0107039},
	Keywords = {Nonlinear Sciences - Chaotic Dynamics},
	Title = {An Introduction to Quantum Chaos},
	Year = {2001}}

@article{gutz,
	Author = {Gutzwiller, Martin},
	Date-Added = {2015-06-19 20:44:11 +0000},
	Date-Modified = {2015-06-19 20:44:55 +0000},
	Journal = {Scientific American},
	Number = {1},
	Pages = {26-32},
	Title = {Quantum Chaos},
	Volume = {266},
	Year = {1992}}

@article{berry163,
	Author = {Berry, Michael Victor},
	Date-Added = {2015-06-19 20:32:01 +0000},
	Date-Modified = {2015-06-19 20:33:05 +0000},
	Journal = {Proc. R. Soc. A},
	Title = {Quantum Chaology},
	Volume = {413},
	Year = {1987},
	Bdsk-File-1 = {YnBsaXN0MDDUAQIDBAUGJCVYJHZlcnNpb25YJG9iamVjdHNZJGFyY2hpdmVyVCR0b3ASAAGGoKgHCBMUFRYaIVUkbnVsbNMJCgsMDxJXTlMua2V5c1pOUy5vYmplY3RzViRjbGFzc6INDoACgAOiEBGABIAFgAdccmVsYXRpdmVQYXRoWWFsaWFzRGF0YV8QHy4uLy4uLy4uLy4uLy5UcmFzaC9zY2hvbGFyMS5iaWLSFwsYGVdOUy5kYXRhTxEBbAAAAAABbAACAAAMTWFjaW50b3NoIEhEAAAAAAAAAAAAAAAAAAAAz5Pxe0grAAACuOCeDHNjaG9sYXIxLmJpYgAAAAAAAAAAAAAAAAAAAAAAAAAAAAAAAAAAAAAAAAAAAAAAAAAAAAAAAAAAAAAAAAAAAALAtnHRxzX9AAAAAAAAAAAABAACAAAJIAAAAAAAAAAAAAAAAAAAAAYuVHJhc2gAEAAIAADPk7k7AAAAEQAIAADRxwvNAAAAAQAMArjgngAJOAQAAmclAAIAL01hY2ludG9zaCBIRDpVc2VyczoARGVsbHk6AC5UcmFzaDoAc2Nob2xhcjEuYmliAAAOABoADABzAGMAaABvAGwAYQByADEALgBiAGkAYgAPABoADABNAGEAYwBpAG4AdABvAHMAaAAgAEgARAASAB9Vc2Vycy9EZWxseS8uVHJhc2gvc2Nob2xhcjEuYmliAAATAAEvAAAVAAIADP//AACABtIbHB0eWiRjbGFzc25hbWVYJGNsYXNzZXNdTlNNdXRhYmxlRGF0YaMdHyBWTlNEYXRhWE5TT2JqZWN00hscIiNcTlNEaWN0aW9uYXJ5oiIgXxAPTlNLZXllZEFyY2hpdmVy0SYnVHJvb3SAAQAIABEAGgAjAC0AMgA3AEAARgBNAFUAYABnAGoAbABuAHEAcwB1AHcAhACOALAAtQC9Ai0CLwI0Aj8CSAJWAloCYQJqAm8CfAJ/ApEClAKZAAAAAAAAAgEAAAAAAAAAKAAAAAAAAAAAAAAAAAAAAps=}}

@inproceedings{berry337,
	Author = {Berry, Michael Victor},
	Booktitle = {Quantum Mechanics: Scientific perspectives on divine action},
	Date-Added = {2015-06-19 12:02:44 +0000},
	Date-Modified = {2015-06-19 12:04:27 +0000},
	Title = {Chaos and the semiclassical limit of quantum mechanics (is the moon there when somebody looks?)},
	Year = {2001}}

@book{uni,
	Author = {Young, Hugh D. and Roger A. Freedman},
	Date-Added = {2015-06-18 11:23:57 +0000},
	Date-Modified = {2015-06-18 11:25:59 +0000},
	Publisher = {Addison Wesley},
	Title = {University Physics},
	Year = {2013}}

@book{qm1,
	Author = {Pauling, Linus and Wilson, E.Bright},
	Date-Added = {2015-06-18 08:26:06 +0000},
	Date-Modified = {2015-06-18 08:27:52 +0000},
	Publisher = {Dover Publications},
	Title = {Introduction to Quantum Mechanics: With Applications to Chemistry},
	Year = {1985}}

@inproceedings{berry358,
	Author = {Berry, Michael Victor},
	Booktitle = {Quantum: a guide for the perplexed},
	Date-Added = {2015-06-17 08:05:34 +0000},
	Date-Modified = {2015-06-17 08:16:50 +0000},
	Editor = {Jim Al-Khalili},
	Pages = {104-105},
	Publisher = {Weidenfeld and Nicolson},
	Title = {Quantum chaology},
	Year = {2003}}

@article{ein,
	Author = {Einstein, A.},
	Date-Added = {2015-06-16 11:54:25 +0000},
	Date-Modified = {2015-06-16 11:55:12 +0000},
	Journal = {Physikalische Zeitschrift},
	Pages = {121-128},
	Title = {Zur Quantentheorie der Strahlung},
	Volume = {18},
	Year = {1917}}

@article{1900b,
	Author = {Planck, M.},
	Date-Added = {2015-06-16 11:52:14 +0000},
	Date-Modified = {2015-06-16 11:53:34 +0000},
	Journal = {Verhandlungen der Deutschen Physikalischen Gesellschaft},
	Pages = {237},
	Title = {Zur Theorie des Gesetzes der Energieverteilung im Normalspektrum},
	Volume = {2},
	Year = {1900}}

@article{1900a,
	Author = {Planck, M.},
	Date-Added = {2015-06-16 11:49:55 +0000},
	Date-Modified = {2015-06-16 11:53:21 +0000},
	Journal = {Verhandlungen der Deutschen Physikalischen Gesellschaft},
	Pages = {202-204},
	Title = {\"{U}ber eine Verbesserung der Wienschen Spektralgleichung},
	Volume = {2},
	Year = {1900},
	Bdsk-File-1 = {YnBsaXN0MDDUAQIDBAUGJCVYJHZlcnNpb25YJG9iamVjdHNZJGFyY2hpdmVyVCR0b3ASAAGGoKgHCBMUFRYaIVUkbnVsbNMJCgsMDxJXTlMua2V5c1pOUy5vYmplY3RzViRjbGFzc6INDoACgAOiEBGABIAFgAdccmVsYXRpdmVQYXRoWWFsaWFzRGF0YV8QHy4uLy4uLy4uLy4uLy5UcmFzaC9zY2hvbGFyMS5iaWLSFwsYGVdOUy5kYXRhTxEBbAAAAAABbAACAAAMTWFjaW50b3NoIEhEAAAAAAAAAAAAAAAAAAAAz5Pxe0grAAACuOCeDHNjaG9sYXIxLmJpYgAAAAAAAAAAAAAAAAAAAAAAAAAAAAAAAAAAAAAAAAAAAAAAAAAAAAAAAAAAAAAAAAAAAALAtnHRxzX9AAAAAAAAAAAABAACAAAJIAAAAAAAAAAAAAAAAAAAAAYuVHJhc2gAEAAIAADPk7k7AAAAEQAIAADRxwvNAAAAAQAMArjgngAJOAQAAmclAAIAL01hY2ludG9zaCBIRDpVc2VyczoARGVsbHk6AC5UcmFzaDoAc2Nob2xhcjEuYmliAAAOABoADABzAGMAaABvAGwAYQByADEALgBiAGkAYgAPABoADABNAGEAYwBpAG4AdABvAHMAaAAgAEgARAASAB9Vc2Vycy9EZWxseS8uVHJhc2gvc2Nob2xhcjEuYmliAAATAAEvAAAVAAIADP//AACABtIbHB0eWiRjbGFzc25hbWVYJGNsYXNzZXNdTlNNdXRhYmxlRGF0YaMdHyBWTlNEYXRhWE5TT2JqZWN00hscIiNcTlNEaWN0aW9uYXJ5oiIgXxAPTlNLZXllZEFyY2hpdmVy0SYnVHJvb3SAAQAIABEAGgAjAC0AMgA3AEAARgBNAFUAYABnAGoAbABuAHEAcwB1AHcAhACOALAAtQC9Ai0CLwI0Aj8CSAJWAloCYQJqAm8CfAJ/ApEClAKZAAAAAAAAAgEAAAAAAAAAKAAAAAAAAAAAAAAAAAAAAps=}}

@inproceedings{berry230,
	Author = {Berry, Michael Victor},
	Booktitle = {New Trends in Nuclear Collective Dynamics},
	Date-Added = {2015-06-16 11:21:37 +0000},
	Date-Modified = {2015-06-17 08:16:01 +0000},
	Editor = {Abe, Y. and Horiuchi, H. and Matsuyanagi, K.},
	Pages = {177-181},
	Publisher = {Springer proceedings in Physics 58},
	Title = {Quantum Chaology: Our Knowledge and Ignorance},
	Year = {1992}}

@article{berry191,
	Author = {Berry, Michael Victor},
	Date-Added = {2015-06-15 22:02:18 +0000},
	Date-Modified = {2015-06-15 22:03:21 +0000},
	Journal = {Physica Scripta},
	Pages = {335-336},
	Title = {Quantum chaology, not quantum chaos},
	Volume = {40}}

@article{nbody,
	Author = {Diacu, Florin},
	Date-Added = {2015-06-15 20:57:32 +0000},
	Date-Modified = {2015-06-15 20:58:24 +0000},
	Journal = {The Mathematical Intelligencer},
	Title = {The solution of the n-body problem},
	Year = {1996}}

@article{shuttle,
	Author = {Nagatani, Takashi},
	Date-Added = {2015-06-15 20:46:05 +0000},
	Date-Modified = {2015-06-15 20:47:25 +0000},
	Journal = {Physica A},
	Pages = {683-691},
	Title = {Chaos control and schedule of shuttle buses},
	Volume = {371},
	Year = {2006}}

@article{riemann,
	Author = {Riemann, Bernhard},
	Date-Added = {2015-06-14 21:19:47 +0000},
	Date-Modified = {2015-06-16 11:51:07 +0000},
	Journal = {Monatsberichte der Berliner Akademie},
	Title = {Ueber die Anzahl der Primzahlen unter einer gegebenen Gr\"{o}sse},
	Year = {1859}}
