%% This BibTeX bibliography file was created using BibDesk.
%% http://bibdesk.sourceforge.net/


%% Created for Alexander Delly at 2015-07-11 17:33:05 +0300 


%% Saved with string encoding Unicode (UTF-8) 



@book{atomos,
	Author = {Van Melsen, A.G.},
	Date-Added = {2015-07-11 14:13:36 +0000},
	Date-Modified = {2015-07-11 14:13:52 +0000},
	Isbn = {9780486495842},
	Lccn = {2004045542},
	Publisher = {Dover Publications},
	Series = {Dover Phoenix Editions},
	Title = {From Atomos to Atom: The History of the Concept Atom},
	Year = {2004},
	Bdsk-Url-1 = {https://books.google.ru/books?id=pARpF9A2OtMC}}

@inproceedings{pr,
	Author = {Cipra, Barry},
	Booktitle = {What's Happening in the Mathematical Sciences},
	Date-Added = {2015-06-20 08:13:38 +0000},
	Date-Modified = {2015-06-20 08:14:58 +0000},
	Title = {A Prime Case of Chaos},
	Volume = {4},
	Year = {1999}}

@book{gut,
	Author = {Gutzwiller, Martin},
	Date-Added = {2015-06-20 08:10:51 +0000},
	Date-Modified = {2015-06-20 08:11:28 +0000},
	Publisher = {Springer New York},
	Title = {Chaos in Classical and Quantum Mechanics},
	Year = {1990}}

@inproceedings{tabor,
	Author = {Berry, Michael V and Tabor, Michael},
	Booktitle = {Proceedings of the Royal Society of London A: Mathematical, Physical and Engineering Sciences},
	Date-Added = {2015-06-20 07:41:26 +0000},
	Date-Modified = {2015-06-20 07:41:26 +0000},
	Number = {1686},
	Organization = {The Royal Society},
	Pages = {375-394},
	Title = {Level clustering in the regular spectrum},
	Volume = {356},
	Year = {1977}}

@article{sinai,
	Author = {Sinai, Yakov},
	Date-Added = {2015-06-20 06:51:30 +0000},
	Date-Modified = {2015-06-20 06:52:51 +0000},
	Journal = {Notices of the AMS},
	Number = {4},
	Title = {What is a Billiard?},
	Volume = {51},
	Year = {2004}}

@article{zeev,
	Author = {Rudnick, Ze'ev},
	Date-Added = {2015-06-20 06:49:33 +0000},
	Date-Modified = {2015-06-20 06:49:51 +0000},
	Journal = {Notices of the AMS},
	Number = {1},
	Pages = {32-34},
	Title = {What is Quantum Chaos?},
	Volume = {55},
	Year = {2008}}

@article{hellb,
	Author = {Heller, Eric J},
	Date-Added = {2015-06-20 06:07:50 +0000},
	Date-Modified = {2015-06-20 06:08:09 +0000},
	Journal = {Physical Review Letters},
	Number = {16},
	Pages = {1515},
	Publisher = {APS},
	Title = {Bound-state eigenfunctions of classically chaotic Hamiltonian systems: scars of periodic orbits},
	Volume = {53},
	Year = {1984}}

@book{atph,
	Author = {R. Bl\"{u}mel and W. P. Reinhardt},
	Date-Added = {2015-06-20 00:31:20 +0000},
	Date-Modified = {2015-06-20 00:35:19 +0000},
	Publisher = {Cambridge University Press},
	Title = {Chaos in Atomic Physics},
	Year = {1997}}

@article{heller,
	Author = {Heller, Eric J and Tomsovic, Steven},
	Date-Added = {2015-06-19 23:59:30 +0000},
	Date-Modified = {2015-06-19 23:59:30 +0000},
	Journal = {Physics Today},
	Number = {7},
	Pages = {38-46},
	Publisher = {American Institute of Physics},
	Title = {Postmodern quantum mechanics},
	Volume = {46},
	Year = {2008}}

@article{BGS,
	Author = {Bohigas, O. and Giannoni, M. J. and Schmit, C.},
	Date-Added = {2015-06-19 22:51:01 +0000},
	Date-Modified = {2015-06-19 22:51:01 +0000},
	Issue = {1},
	Journal = {Phys. Rev. Lett.},
	Month = {Jan},
	Pages = {1-4},
	Publisher = {American Physical Society},
	Title = {Characterization of Chaotic Quantum Spectra and Universality of Level Fluctuation Laws},
	Volume = {52},
	Year = {1984},
	Bdsk-Url-1 = {http://link.aps.org/doi/10.1103/PhysRevLett.52.1},
	Bdsk-Url-2 = {http://dx.doi.org/10.1103/PhysRevLett.52.1}}

@book{meh,
	Author = {Mehra, J. and Rechenberg, H.},
	Date-Added = {2015-06-19 21:44:52 +0000},
	Date-Modified = {2015-06-19 21:51:29 +0000},
	Publisher = {Springer New York},
	Series = {The Historical Development of Quantum Theory},
	Title = {The Historical Development of Quantum Theory},
	Year = {2000},
	Bdsk-Url-1 = {https://books.google.co.uk/books?id=W5kyppVPyesC}}

@book{newt,
	Author = {Newton, Isaac},
	Date-Added = {2015-06-19 21:00:43 +0000},
	Date-Modified = {2015-06-19 21:01:23 +0000},
	Publisher = {Univ of California Press},
	Title = {The principia: mathematical principles of natural philosophy},
	Year = {1999}}

@article{port,
	Author = {Porter, M.A.},
	Date-Added = {2015-06-19 20:46:50 +0000},
	Date-Modified = {2015-06-19 23:25:31 +0000},
	Journal = {arXiv:nlin/0107039},
	Keywords = {Nonlinear Sciences - Chaotic Dynamics},
	Title = {An Introduction to Quantum Chaos},
	Year = {2001}}

@article{gutz,
	Author = {Gutzwiller, Martin},
	Date-Added = {2015-06-19 20:44:11 +0000},
	Date-Modified = {2015-06-19 20:44:55 +0000},
	Journal = {Scientific American},
	Number = {1},
	Pages = {26-32},
	Title = {Quantum Chaos},
	Volume = {266},
	Year = {1992}}

@article{berry163,
	Author = {Berry, Michael Victor},
	Date-Added = {2015-06-19 20:32:01 +0000},
	Date-Modified = {2015-06-19 20:33:05 +0000},
	Journal = {Proc. R. Soc. A},
	Title = {Quantum Chaology},
	Volume = {413},
	Year = {1987}}

@inproceedings{berry337,
	Author = {Berry, Michael Victor},
	Booktitle = {Quantum Mechanics: Scientific perspectives on divine action},
	Date-Added = {2015-06-19 12:02:44 +0000},
	Date-Modified = {2015-06-19 12:04:27 +0000},
	Title = {Chaos and the semiclassical limit of quantum mechanics (is the moon there when somebody looks?)},
	Year = {2001}}

@book{uni,
	Author = {Young, Hugh D. and Roger A. Freedman},
	Date-Added = {2015-06-18 11:23:57 +0000},
	Date-Modified = {2015-06-18 11:25:59 +0000},
	Publisher = {Addison Wesley},
	Title = {University Physics},
	Year = {2013}}

@book{qm1,
	Author = {Pauling, Linus and Wilson, E.Bright},
	Date-Added = {2015-06-18 08:26:06 +0000},
	Date-Modified = {2015-06-18 08:27:52 +0000},
	Publisher = {Dover Publications},
	Title = {Introduction to Quantum Mechanics: With Applications to Chemistry},
	Year = {1985}}

@inproceedings{berry358,
	Author = {Berry, Michael Victor},
	Booktitle = {Quantum: a guide for the perplexed},
	Date-Added = {2015-06-17 08:05:34 +0000},
	Date-Modified = {2015-06-17 08:16:50 +0000},
	Editor = {Jim Al-Khalili},
	Pages = {104-105},
	Publisher = {Weidenfeld and Nicolson},
	Title = {Quantum chaology},
	Year = {2003}}

@article{ein,
	Author = {Einstein, A.},
	Date-Added = {2015-06-16 11:54:25 +0000},
	Date-Modified = {2015-06-16 11:55:12 +0000},
	Journal = {Physikalische Zeitschrift},
	Pages = {121-128},
	Title = {Zur Quantentheorie der Strahlung},
	Volume = {18},
	Year = {1917}}

@article{1900b,
	Author = {Planck, M.},
	Date-Added = {2015-06-16 11:52:14 +0000},
	Date-Modified = {2015-06-16 11:53:34 +0000},
	Journal = {Verhandlungen der Deutschen Physikalischen Gesellschaft},
	Pages = {237},
	Title = {Zur Theorie des Gesetzes der Energieverteilung im Normalspektrum},
	Volume = {2},
	Year = {1900}}

@article{1900a,
	Author = {Planck, M.},
	Date-Added = {2015-06-16 11:49:55 +0000},
	Date-Modified = {2015-06-16 11:53:21 +0000},
	Journal = {Verhandlungen der Deutschen Physikalischen Gesellschaft},
	Pages = {202-204},
	Title = {\"{U}ber eine Verbesserung der Wienschen Spektralgleichung},
	Volume = {2},
	Year = {1900}}

@inproceedings{berry230,
	Author = {Berry, Michael Victor},
	Booktitle = {New Trends in Nuclear Collective Dynamics},
	Date-Added = {2015-06-16 11:21:37 +0000},
	Date-Modified = {2015-06-17 08:16:01 +0000},
	Editor = {Abe, Y. and Horiuchi, H. and Matsuyanagi, K.},
	Pages = {177-181},
	Publisher = {Springer proceedings in Physics 58},
	Title = {Quantum Chaology: Our Knowledge and Ignorance},
	Year = {1992}}

@article{berry191,
	Author = {Berry, Michael Victor},
	Date-Added = {2015-06-15 22:02:18 +0000},
	Date-Modified = {2015-06-15 22:03:21 +0000},
	Journal = {Physica Scripta},
	Pages = {335-336},
	Title = {Quantum chaology, not quantum chaos},
	Volume = {40}}

@article{nbody,
	Author = {Diacu, Florin},
	Date-Added = {2015-06-15 20:57:32 +0000},
	Date-Modified = {2015-06-15 20:58:24 +0000},
	Journal = {The Mathematical Intelligencer},
	Title = {The solution of the n-body problem},
	Year = {1996}}

@article{shuttle,
	Author = {Nagatani, Takashi},
	Date-Added = {2015-06-15 20:46:05 +0000},
	Date-Modified = {2015-06-15 20:47:25 +0000},
	Journal = {Physica A},
	Pages = {683-691},
	Title = {Chaos control and schedule of shuttle buses},
	Volume = {371},
	Year = {2006}}

@article{riemann,
	Author = {Riemann, Bernhard},
	Date-Added = {2015-06-14 21:19:47 +0000},
	Date-Modified = {2015-06-16 11:51:07 +0000},
	Journal = {Monatsberichte der Berliner Akademie},
	Title = {Ueber die Anzahl der Primzahlen unter einer gegebenen Gr\"{o}sse},
	Year = {1859}}
